@manual{mcp3008,
    organization  = {Microchip Technology},
    title         = {2.7V 4-Channel/8-Channel 10-Bit A/D Converters
with SPI Serial Interface},
    year          = {2008},
    number        = {MC3008},
    note          = {Rev. D},
    url           = {http://ww1.microchip.com/downloads/en/DeviceDoc/21295d.pdf}
}
@manual{raspberrypi,
    organization  = {Raspberry Pi (Trading) },
    title         = {Raspberry Pi 4 Model B},
    year          = {2019},
    number        = {Raspberry Pi 4 Model B},
    note          = {Release 1},
    url           = {https://www.raspberrypi.org/documentation/hardware/raspberrypi/bcm2711/rpi_DATA_2711_1p0_preliminary.pdf}
}

@manual{python,
    organization  = {Python Software Foundation},
    title         = {Python 3.9.0 documentation},
    year          = {2020},
    number        = {Raspberry Pi 4 Model B},
    note          = {Oct 25, 2020},
    url           = {https://docs.python.org/3/}
}
@manual{pigiop,
    organization  = {Pigpio},
    title         = {The pigpio library
},
    year          = {2020},
    number        = {pigpio},
    note          = {28/06/2020},
    url           = {http://abyz.me.uk/rpi/pigpio/}
}